@article{upgradeLOI,
      title          = "{
      collaboration  = "ALICE Collaboration",
      note            = "\url{http://cds.cern.ch/record/1475243?ln=en}
}


@article{panelDoc,
      title          = "{ALICE Computing software framework for LS2 Upgrade}
      collaboration  = "ALICE Collaboration",
      note            = "\url{https://edms.cern.ch/file/1272165/2/ALICE-INT-2013-001.pdf}
}
